% Bibliografia - Proposta de Mestrado
% Modelagem Preditiva de Fluxos Populacionais com Grafos Neurais
% Autor: Luis Felipe Comodo Seelig

% ==================================================================
% TRABALHOS ANTERIORES DO AUTOR
% ==================================================================

@techreport{seelig2025sistema,
  title={Sistema Inteligente de Apoio à Evacuação Urbana com Integração de GNN e Cobertura ERB},
  author={Seelig, Luis Felipe Comodo},
  institution={Universidade de São Paulo, Escola Superior de Agricultura Luiz de Queiroz},
  type={Projeto de MBA},
  year={2025},
  address={São Paulo},
  note={MBA em Data Science e Analytics}
}

@mastersthesis{seelig2025grafos,
  title={Grafos Geoespaciais para Planejamento Militar: Abordagem Multicamadas em Cenários Urbanos Críticos},
  author={Seelig, Luis Felipe Comodo},
  school={Universidade Federal do ABC - UFABC},
  year={2025},
  address={Santo André - SP},
  type={Projeto de pesquisa}
}

% ==================================================================
% GRAFOS NEURAIS E APRENDIZADO PROFUNDO EM GRAFOS
% ==================================================================

@article{wu2021comprehensive,
  title={A comprehensive survey on graph neural networks},
  author={Wu, Zonghan and Pan, Shirui and Chen, Fengwen and Long, Guodong and Zhang, Chengqi and Yu, Philip S},
  journal={IEEE Transactions on Neural Networks and Learning Systems},
  volume={32},
  number={1},
  pages={4--24},
  year={2021},
  publisher={IEEE}
}

@article{zhou2020graph,
  title={Graph neural networks: A review of methods and applications},
  author={Zhou, Jie and Cui, Ganqu and Zhang, Zhengyan and Yang, Cheng and Liu, Zhiyuan and Wang, Lifeng and Li, Changcheng and Sun, Maosong},
  journal={AI Open},
  volume={1},
  pages={57--81},
  year={2020},
  publisher={Elsevier}
}

@article{zhang2023incorporating,
  title={Incorporating multimodal context information into traffic speed forecasting through graph deep learning},
  author={Zhang, Yatao and Liu, Xuemei and Zhou, Xiangyu and Wang, Yuan and Wang, Chaoran and Lu, Cheng and Li, Zhenhong},
  journal={International Journal of Geographical Information Science},
  volume={37},
  number={9},
  pages={1909--1935},
  year={2023},
  publisher={Taylor \& Francis}
}

@article{zhou2022large,
  title={Large-scale cellular traffic prediction based on graph convolutional networks with transfer learning},
  author={Zhou, Xu and Zhang, Xiaofeng and Shen, Zhenjiang and Wang, Zejun and Zhang, Yonglei},
  journal={Neural Computing and Applications},
  volume={34},
  pages={5549--5559},
  year={2022},
  publisher={Springer}
}

@inproceedings{kipf2017semi,
  title={Semi-supervised classification with graph convolutional networks},
  author={Kipf, Thomas N and Welling, Max},
  booktitle={International Conference on Learning Representations (ICLR)},
  year={2017}
}

@inproceedings{velickovic2018graph,
  title={Graph Attention Networks},
  author={Veli{\v{c}}kovi{\'c}, Petar and Cucurull, Guillem and Casanova, Arantxa and Romero, Adriana and Li{\`o}, Pietro and Bengio, Yoshua},
  booktitle={International Conference on Learning Representations (ICLR)},
  year={2018}
}

@inproceedings{rossi2020temporal,
  title={Temporal Graph Networks for Deep Learning on Dynamic Graphs},
  author={Rossi, Emanuele and Chamberlain, Ben and Frasca, Fabrizio and Eynard, Davide and Monti, Federico and Bronstein, Michael},
  booktitle={ICML Workshop on Graph Representation Learning},
  year={2020}
}

@article{yuan2021explainability,
  title={Explainability in graph neural networks: A taxonomic survey},
  author={Yuan, Hao and Yu, Haiyang and Gui, Shurui and Ji, Shuiwang},
  journal={arXiv preprint arXiv:2012.15445},
  year={2021}
}

@inproceedings{li2018diffusion,
  title={Diffusion convolutional recurrent neural network: Data-driven traffic forecasting},
  author={Li, Yaguang and Yu, Rose and Shahabi, Cyrus and Liu, Yan},
  booktitle={International Conference on Learning Representations (ICLR)},
  year={2018}
}

% ==================================================================
% INTELIGÊNCIA ARTIFICIAL GEOESPACIAL E ANÁLISE ESPACIAL
% ==================================================================

@book{gao2021geospatial,
  title={Geospatial Artificial Intelligence (GeoAI)},
  author={Gao, Song},
  publisher={University of Wisconsin--Madison},
  year={2021}
}

@article{gao2024convnets,
  title={A ConvNets-based approach for capturing the heterogeneity of spatial domain in parallel geoprocessing},
  author={Gao, Fan and Zhang, Tianyue and Zhou, Qingfeng and Chen, Yuehong},
  journal={International Journal of Digital Earth},
  volume={17},
  number={1},
  year={2024},
  publisher={Taylor \& Francis}
}

@article{boccaletti2014structure,
  title={The structure and dynamics of multilayer networks},
  author={Boccaletti, Stefano and Bianconi, Ginestra and Criado, Regino and Del Genio, Charo I and G{\'o}mez-Garde{\~n}es, Jes{\'u}s and Romance, Miguel and Sendi{\~n}a-Nadal, Irene and Wang, Zhen and Zanin, Massimiliano},
  journal={Physics Reports},
  volume={544},
  number={1},
  pages={1--122},
  year={2014},
  publisher={Elsevier}
}

@article{cao2023urban,
  title={Urban Function Recognition Through Graph Neural Networks: A Methodological Perspective},
  author={Cao, Jin and Zeng, Xinxin and Zhang, Yiren and Wang, Shuai and Huang, Bo and Zhang, Fan},
  journal={International Journal of Applied Earth Observation and Geoinformation},
  volume={115},
  pages={103107},
  year={2023},
  publisher={Elsevier}
}

@inproceedings{battaglia2018relational,
  title={Relational inductive biases, deep learning, and graph networks},
  author={Battaglia, Peter W and Hamrick, Jessica B and Bapst, Victor and Sanchez-Gonzalez, Alvaro and Zambaldi, Vinicius and Malinowski, Mateusz and Tacchetti, Andrea and Raposo, David and Santoro, Adam and Faulkner, Ryan and Gulcehre, Caglar},
  booktitle={arXiv preprint arXiv:1806.01261},
  year={2018}
}

@inproceedings{fey2019fast,
  title={Fast graph representation learning with PyTorch Geometric},
  author={Fey, Matthias and Lenssen, Jan Eric},
  booktitle={arXiv preprint arXiv:1903.02428},
  year={2019}
}

% ==================================================================
% GESTÃO DE EMERGÊNCIAS E MOBILIDADE URBANA
% ==================================================================

@article{joner2021territorialidade,
  title={Territorialidade e desastre: a gest{\~a}o dos desastres no Brasil com base no estudo de caso da Defesa Civil em Santa Catarina},
  author={Joner, Karla and Avila, M{\'a}rcia Regina Rodrigues and Mattedi, Marcos Ant{\^o}nio},
  journal={urbe. Revista Brasileira de Gest{\~a}o Urbana},
  volume={13},
  pages={e20200061},
  year={2021}
}

@article{sousa2020aplicacoes,
  title={Aplica{\c{c}}{\~o}es de tecnologias m{\'o}veis em situa{\c{c}}{\~o}es de emerg{\^e}ncia: uma revis{\~a}o sistem{\'a}tica},
  author={Sousa, Adalberto Matias de and Lima, Virna Braga and Silva, Danielle Fidelis da},
  journal={Revista de Gest{\~a}o e Projetos (GeP)},
  volume={11},
  number={2},
  pages={45--59},
  year={2020}
}

@article{sayed2018urban,
  title={Urban areas geodatabases and remote sensing techniques for critical infrastructures and key resources identification, assessment and protection},
  author={Sayed, N and Brattich, E and Prandi, R and Tiesi, A and Barozzi, R and Colucci, E and Benetello, F},
  journal={International Archives of the Photogrammetry, Remote Sensing \& Spatial Information Sciences},
  volume={42},
  year={2018}
}

@article{wang2019survey,
  title={A survey on heterogeneous graph embedding: Methods, techniques, applications and sources},
  author={Wang, Xiao and Bo, Deyu and Shi, Chuan and Fan, Shijun and Ye, Yanfang and Yu, Philip S},
  journal={arXiv preprint arXiv:1911.00416},
  year={2019}
}

% ==================================================================
% DOCUMENTOS MILITARES E TÉCNICOS
% ==================================================================

@manual{ebmc10336,
  title={Processo de Integração Terreno, Condições Meteorológicas, Inimigo e Considerações Civis – PITCIC},
  author={{BRASIL. Exército. Comando de Operações Terrestres}},
  organization={Comando de Operações Terrestres},
  address={Brasília, DF},
  year={2023},
  note={EB70-MC-10.336. 1 ed.}
}

@manual{centro2022eb70,
  title={EB70-MC-10.336 - Manual de Campanha: Processo de Integração Terreno, Condições Meteorológicas, Inimigo e Considerações Civis – PITCIC},
  author={{CENTRO DE DOUTRINA DO EXÉRCITO}},
  edition={1},
  address={Brasília},
  organization={COTER},
  year={2022}
}

% ==================================================================
% INTELIGÊNCIA ARTIFICIAL E TÉCNICAS AVANÇADAS
% ==================================================================

@article{bronstein2021geometric,
  title={Geometric deep learning: Grids, groups, graphs, geodesics, and gauges},
  author={Bronstein, Michael M and Bruna, Joan and Cohen, Taco and Veli{\v{c}}kovi{\'c}, Petar},
  journal={arXiv preprint arXiv:2104.13478},
  year={2021}
}

% ==================================================================
% REFERÊNCIAS COMPLEMENTARES
% ==================================================================

@inproceedings{wang2019deep,
  title={Deep Representation Learning for Human Motion Prediction and Classification},
  author={Wang, He and Zaheer, Edmond S. L. and Tian, Dave and Feit, Xavier and Lai, Catherine S.},
  booktitle={IEEE Conference on Computer Vision and Pattern Recognition},
  pages={2234--2243},
  year={2019}
}

@article{song2022spatial,
  title={Spatial-temporal synchronization of cellular data for urban mobility analysis},
  author={Song, Xue and Cho, Eunjoon and Zhang, Yunpeng and Silver, David and Jiang, Shan},
  journal={Nature Communications},
  volume={13},
  number={1},
  pages={4846},
  year={2022},
  publisher={Nature Publishing Group}
}

@article{chen2022population,
  title={Population flow prediction with multi-graph neural networks},
  author={Chen, Junkai and Wang, Yu and Lin, Chen and Zhang, Weipan and Zhang, Wenjuan and Zhu, Li},
  journal={Transportation Research Part C: Emerging Technologies},
  volume={140},
  pages={103648},
  year={2022},
  publisher={Elsevier}
}

@article{liu2020dynamic,
  title={Dynamic spatial-temporal representation learning for traffic flow prediction},
  author={Liu, Lingbo and Qiu, Zeyang and Li, Guanbin and Wang, Qing and Ouyang, Wanli and Lin, Liang},
  journal={IEEE Transactions on Intelligent Transportation Systems},
  volume={22},
  number={9},
  pages={5363--5373},
  year={2020},
  publisher={IEEE}
}

@article{mao2021mt,
  title={MT-STNet: Multi-task spatial-temporal network for crowd flow prediction},
  author={Mao, Chaoqun and Zhang, Mengqi and Cao, Yongxin and Chen, Feng and Liu, Yueyue and Ye, Jiayuan},
  journal={GeoInformatica},
  volume={25},
  pages={545--572},
  year={2021},
  publisher={Springer}
}

@inproceedings{silva2019pred,
  title={Pred-GNN: Human mobility prediction via graph neural networks},
  author={Silva, Thiago B. and Comba, João Luiz Dihl and Porto, Fabio and Munaretto, Anelise},
  booktitle={IEEE International Conference on Big Data},
  pages={5203--5212},
  year={2019}
}

@article{almeida2023emergencia,
  title={Emergência digital: avanços na predição e resposta a eventos críticos urbanos},
  author={Almeida, Marcos and Santana, Paula R. and Ferreira, Daniel C.},
  journal={Revista Brasileira de Estudos Urbanos},
  volume={25},
  number={3},
  pages={412--438},
  year={2023}
}

@inproceedings{santos2024militares,
  title={Aplicações militares de inteligência artificial em contextos urbanos: desafios e oportunidades},
  author={Santos, Rafael M. and Oliveira, Carla S. and Mendes, Paulo H.},
  booktitle={Simpósio Brasileiro de Tecnologia Militar},
  pages={78--95},
  year={2024}
}